003257598 LDR   L 00000nmm#a2200000#c#4500
003257598 001   L AC03263537
003257598 003   L AT-OBV
003257598 005   L 20170625021100.0
003257598 007   L co#|||||||||||
003257598 008   L 010927|2000####gw#########|########ger#u
003257598 009   L AC03263537
003257598 015   L $$aOeBC$$2oeb
003257598 020   L $$a3803215005
003257598 035   L $$a(DE-599)OBVAC03263537
003257598 040   L $$aUBG$$bger$$dVBK$$erakwb
003257598 041   L $$ager
003257598 044   L $$cXA-DE
003257598 084   L $$a77.14$$2bkl$$9O: Automatisch aus GBV_2011-10 2012-06-05
003257598 084   L $$aCU 2563$$2rvk$$9O: Automatisch aus BVB_2013-06 2013-05-02
003257598 24500 L $$aSigmund Freud und die Geheimnisse der Seele$$hElektronische Ressource$$b[tiefe Einsichten in das Unbewusste]$$c[Projektmanagement: Lisa Löschner. Text: Kathie Tietz ... Sigmund-Freud-Gesellschaft: Texte, themat. Selektion, inhaltiches Konzept, wissenschaftl. Recherche: Wilhelm Burian ...]
003257598 264 1 L $$aMünchen$$bNavigo [u.a.]$$c2000
003257598 300   L $$a1 CD-ROM$$bfarb., mit Ton$$c12 cm$$eInstallationsanleitung in Booklet
003257598 340   L $$aCD-ROM
003257598 538   L $$iSystemvoraussetzungen$$aWin95/98, Nt 4.0; Pentium II, 200 MHz; 32 MB freier Arbeitsspeicher; Grafik: 640 x 480 x 32k; CD-ROM Geschwindigkeit: 12-fach; Audio: 16 Bit; QuickTime. MacOS 7.6.1 oder höher, PPC 603, 200 MHz; 32 MB freier Arbeitsspeicher; Grafik: 640 x 480 x 32k; CD-ROM Geschwindigkeit: 12-fach; Audio: 16 Bit; QuickTime
003257598 68900 L $$aFreud, Sigmund$$d1856-1939$$Dp$$0(DE-588)118535315
003257598 68901 L $$aPsychoanalyse$$Ds$$0(DE-588)4047689-3
003257598 68902 L $$aCD-ROM$$Af
003257598 6890  L $$5AT-OBV$$5UBGKTZ
003257598 68910 L $$aFreud, Sigmund$$d1856-1939$$Dp$$0(DE-588)118535315
003257598 68911 L $$aBiographie$$Af
003257598 68912 L $$aCD-ROM$$Af
003257598 6891  L $$5AT-OBV$$5UBGKTZ UBKZEL
003257598 7001  L $$aLöschner, Lisa$$4edt
003257598 7001  L $$aTietz, Kathie$$4ctb
003257598 7102  L $$aSigmund-Freud-Gesellschaft$$0(DE-588)1045774-4$$4ctb
003257598 9701  L $$c05
003257598 9740s L $$F030$$Aa|1dcr|||||37
003257598 9740s L $$F050$$A||||||||d|||||
003257598 9740s L $$F051$$Am||||||
003257598 CAT   L $$aUBGAWE$$b20$$c20010927$$lACC01$$h1323
003257598 CAT   L $$aUBGHUE$$b20$$c20011128$$lACC01$$h1540
003257598 CAT   L $$aUBGKTZ$$b20$$c20011203$$lACC01$$h0820
003257598 CAT   L $$aONBSUW$$b20$$c20020805$$lACC01$$h1108
003257598 CAT   L $$aONBRIA$$b20$$c20030305$$lACC01$$h0753
003257598 CAT   L $$aONBKUM$$b20$$c20030305$$lACC01$$h1423
003257598 CAT   L $$aONBKUM$$b20$$c20030305$$lACC01$$h1425
003257598 CAT   L $$aONBBOM$$b20$$c20030317$$lACC01$$h1315
003257598 CAT   L $$aUBKSAG$$b20$$c20091014$$lACC01$$h0945
003257598 CAT   L $$aUBKZEL$$b20$$c20091020$$lACC01$$h1530
003257598 CAT   L $$aUBKZEL$$b20$$c20091020$$lACC01$$h1530
003257598 CAT   L $$aUBKZEL$$b20$$c20091020$$lACC01$$h1530
003257598 CAT   L $$aOBVSYS1$$b20$$c20101214$$lACC01$$h1340
003257598 CAT   L $$aBATCH$$b20$$c20101214$$lACC01$$h1541
003257598 CAT   L $$aBATCH-UPD$$b20$$c20120511$$lACC01$$h2303
003257598 CAT   L $$aBATCH-UPD$$b20$$c20120605$$lACC01$$h1752
003257598 CAT   L $$aBATCH-UPD$$b20$$c20130502$$lACC01$$h1852
003257598 CAT   L $$aVBKALB$$b20$$c20140605$$lACC01$$h1452
003257598 CAT   L $$aVBKALB$$b20$$c20140605$$lACC01$$h1525
003257598 CAT   L $$aBATCH-UPD$$b20$$c20170625$$lACC01$$h0211
