004558441 LDR   L 00000nms#a2200000#cb4500
004558441 001   L AC04573196
004558441 003   L AT-OBV
004558441 005   L 20170726140900.0
004558441 007   L co#|||||||||||
004558441 008   L 050714|2005####gw#########|########ger#u
004558441 009   L AC04573196
004558441 015   L $$z04,N42,0524$$2dnb
004558441 015   L $$a05,A28,0714$$2dnb
004558441 020   L $$a3898534855$$c: EUR 15.00 (freier Pr.)
004558441 0243  L $$a9783898534857
004558441 035   L $$a(DE-599)OBVAC04573196
004558441 040   L $$aZBM$$bger$$c292$$dUBW$$erakwb
004558441 041   L $$ager
004558441 044   L $$cXA-DE-BE
004558441 084   L $$aR-20$$2nlm
004558441 084   L $$a500$$qDE-101$$2sdnb
004558441 084   L $$a30.00$$2bkl$$9O: Automatisch aus GBV_2011-10 2012-06-15
004558441 084   L $$a30.01$$2bkl$$9O: Automatisch aus GBV_2011-10 2012-06-15
004558441 084   L $$aTB 3100$$2rvk$$9O: Automatisch aus BVB_2013-06 2013-05-09
004558441 084   L $$aWB 3100$$2rvk$$9O: Automatisch aus BVB_2013-06 2013-05-09
004558441 084   L $$aUB 3100$$2rvk$$9O: Automatisch aus BVB_2013-06 2013-05-09
004558441 24500 L $$aLexikon der Naturwissenschaftler$$hElektronische Ressource$$bAstronomen, Biologen, Chemiker, Geologen, Mediziner, Physiker
004558441 26431 L $$aBerlin$$bDirectmedia Publ.$$c2005
004558441 300   L $$a1 CD-ROM$$bfarb.$$c12 cm, in Behältnis 19 x 14 x 1 cm$$eBeil. (31 S.)
004558441 340   L $$aCD-ROM
004558441 4901  L $$aDigitale Bibliothek$$v85
004558441 500   L $$aTitel auf dem Behältnis
004558441 538   L $$aSystemvoraussetzungen PC: ab 486; 32 MB RAM; ; CD-ROM-Laufwerk; Grafikkarte ab 640 x 480 Pixel, 256 Farben ; MS Windows (95, 98, ME, NT, 2000 oder XP);
004558441 538   L $$aSystemvoraussetzungen Mac: 128 MB RAM; ; CD-ROM-Laufwerk ; ab MacOS 10.2;
004558441 68900 L $$aNaturwissenschaftler$$Ds$$0(DE-588)4041423-1
004558441 68901 L $$aWörterbuch$$Af
004558441 68902 L $$aCD-ROM$$Af
004558441 6890  L $$5AT-OBV$$5DDB
004558441 830 0 L $$w(AT-OBV)AC02207569$$v85$$9O:1
004558441 9701  L $$c25
004558441 9740s L $$F030$$Aa|1ucr|||||37
004558441 9740s L $$F050$$A||||||||d|||||
004558441 9740s L $$F052$$Aj||||||a|||||||
004558441 CAT   L $$aZBMC33$$b20$$c20050714$$lACC01$$h1429
004558441 CAT   L $$aUBGHUE$$b20$$c20060725$$lACC01$$h1517
004558441 CAT   L $$aUBWMIK$$b20$$c20070430$$lACC01$$h1010
004558441 CAT   L $$aBATCH-UPD$$b20$$c20120512$$lACC01$$h0017
004558441 CAT   L $$aBATCH-UPD$$b20$$c20120615$$lACC01$$h1730
004558441 CAT   L $$aBATCH-UPD$$b20$$c20130509$$lACC01$$h1901
004558441 CAT   L $$aBATCH-UPD$$b20$$c20170726$$lACC01$$h1409
