003473485 LDR   L 00000nmm#a2200000zcc4500
003473485 001   L AC03481815
003473485 003   L AT-OBV
003473485 005   L 20020805160200.0
003473485 007   L co#|||||||||||
003473485 008   L 020730|1999####xxu########|########dan#u
003473485 009   L AC03481815
003473485 040   L $$aUBG$$bger$$dUBG$$erakwb
003473485 041   L $$adan$$ager
003473485 044   L $$cXD-US
003473485 24500 L $$a<<The>> Rosetta Stone premium 1 - Dänisch$$beinfach Sprachen lernen ; mit dynamic immersion ; kompletter Sprachkurs für Anfänger$$nCD-ROM$$pDansk 1
003473485 24631 L $$aDanish
003473485 264 1 L $$aHarrisonburg$$bFairfield Language Technologies$$c©1999
003473485 300   L $$a1 CD-ROM$$bfarb., mit Ton$$c12 cm$$eBenutzerhandbuch
003473485 340   L $$aCD-ROM
003473485 538   L $$iSystem requirements$$aCD-ROM drive 640x480x256; color display; 8MB free hard drive space; microphone for speech; recognition feature. Macintosh: 68040 CPU or better; Mac OS 7.0 or later; 8MB RAM (16 for PowerPC). Windows: 486DX CPU or better; Windows 3.1, 95, or NT 4.0; 8MB RAM (16 for Win95, 32 for NT); Windows compatible sound card
003473485 77308 L $$w(AT-OBV)AC03426935$$q1
003473485 9701  L $$c21
003473485 9740s L $$F030$$Az|1dcr|||||||
003473485 9740s L $$F050$$A||||||||d|||||
003473485 9740s L $$F051$$A|||||||
003473485 CAT   L $$aUBGHED$$b20$$c20020730$$lACC01$$h1313
003473485 CAT   L $$aUBGHUE$$b20$$c20020805$$lACC01$$h1507
003473485 CAT   L $$aUBGHUE$$b20$$c20020805$$lACC01$$h1528
003473485 CAT   L $$aUBGHUE$$b20$$c20020805$$lACC01$$h1602
