009585231 LDR   L 00000nmm#a2200000#cc4500
009585231 001   L AC10484273
009585231 003   L AT-OBV
009585231 005   L 20121115125900.0
009585231 007   L co#|||||||||||
009585231 008   L 121115|2005####gw#########|############u
009585231 009   L AC10484273
009585231 035   L $$a(DE-599)OBVAC10484273
009585231 040   L $$aUBG$$bger$$erakwb
009585231 044   L $$cXA-DE
009585231 24500 L $$aTürkisch ohne Mühe$$bBuch + CD-ROM + 4 Audio-CDs ; Niveau A1 - B2 ; Sprachkurs ; Hören & verstehen, Aussprache üben, selbst formulieren, lesen & schreiben, Selbstkontrolle$$nCD-ROM
009585231 264 1 L $$aNörvenich$$bASSiMiL$$c©2005
009585231 300   L $$a1 CD-ROM$$c12 cm
009585231 340   L $$aCD-ROM
009585231 538   L $$iSystemvoraussetzungen$$aPC Pentium 233 MHz und höher mit 32 MB RAM, Windows 98 (mit Internet Explorer 5.5.), Windows ME/NT 4.0/2000/XP, Festplatte mit 30 MB frei, CD-ROM-Laufwerk, Soundkarte mit Lautsprecher, Mikrofon (optional), bildschimrauslösung midnestens 800 x 600 (SVGA)
009585231 77308 L $$w(AT-OBV)AC09373920$$q[2]
009585231 9701  L $$c21
009585231 9740s L $$F030$$Aa|1ucr|||||||
009585231 9740s L $$F050$$A||||||||d||001
009585231 9740s L $$F051$$A||||||||
009585231 CAT   L $$aUBGHUE$$b20$$c20121115$$lACC01$$h1259
